<?xml version="1.0" encoding="UTF-8"?><collection><record><leader>06121ntm a2200577 a 4500</leader><controlfield tag="001">006814130</controlfield><controlfield tag="003">MiAaHDL</controlfield><controlfield tag="005">20190719000000.0</controlfield><controlfield tag="006">m        d        </controlfield><controlfield tag="007">cr bn ---auaua</controlfield><controlfield tag="008">090608q15261527ir            00| ||per d</controlfield><datafield tag="035" ind1=" " ind2=" "><subfield code="a">(MiU)006814130</subfield></datafield><datafield tag="035" ind1=" " ind2=" "><subfield code="a">sdr-miu006814130</subfield></datafield><datafield tag="040" ind1=" " ind2=" "><subfield code="a">MiU</subfield><subfield code="c">MiU</subfield><subfield code="e">amremm</subfield></datafield><datafield tag="043" ind1=" " ind2=" "><subfield code="a">n-us-mi</subfield></datafield><datafield tag="100" ind1="1" ind2=" "><subfield code="6">880-01</subfield><subfield code="a">ʻAṣṣār Tabrīzī, Muḥammad,</subfield><subfield code="d">-1382 or 1383.</subfield></datafield><datafield tag="245" ind1="1" ind2="0"><subfield code="6">880-03</subfield><subfield code="a">Mihr va Mushtarī,</subfield><subfield code="f">[933, i.e. 1526 or 1527].</subfield></datafield><datafield tag="246" ind1="3" ind2=" "><subfield code="a">مهر و مشترى</subfield></datafield><datafield tag="246" ind1="3" ind2=" "><subfield code="i">Edge title (tail):</subfield><subfield code="a">مهر و مشترى</subfield></datafield><datafield tag="260" ind1=" " ind2=" "><subfield code="a">[Shīrāz?,</subfield><subfield code="c">1526 or 1527].</subfield></datafield><datafield tag="300" ind1=" " ind2=" "><subfield code="a">214 leaves :</subfield><subfield code="b">paper ;</subfield><subfield code="c">195 x 115 (127 x 51) mm.</subfield></datafield><datafield tag="500" ind1=" " ind2=" "><subfield code="a">Shelfmark: Ann Arbor, University of Michigan, Special Collections Library, Isl. Ms. 322</subfield></datafield><datafield tag="500" ind1=" " ind2=" "><subfield code="a">Origin: As appears in colophon on p.425, copied by Naʻīm al-Dīn ibn Munʻim al-Dīn al-Awhadī with transcription completed 933 [1526 or 7] likely in Shīrāz.</subfield></datafield><datafield tag="500" ind1=" " ind2=" "><subfield code="a">Former shelfmark: "183 T. De M. [i.e. Tammaro De Marinis]" inscribed in pencil on upper pastedown ; "١٥١" on tail edge of text block.</subfield></datafield><datafield tag="500" ind1=" " ind2=" "><subfield code="a">Binding: Thin pasteboards covered in dark red brown leather ; Type III binding (without flap) ; pastedowns and flyleaves in gold-flecked, lavender and pink-tinted European laid paper ; upper and lower covers carry gold-tooled guilloché roll border ; sewn in dark blue-green thread, two stations ; worked chevron endbands in pale yellow and pink, fair condition ; overall in somewhat poor condition with some abrasion, staining, lifting and losses of spine leather, delamination of boards, etc. ; housed in box for protection.</subfield></datafield><datafield tag="500" ind1=" " ind2=" "><subfield code="a">Support: non-European (likely Persian or Indian) laid paper with 7 laid lines per cm. (vertical, indistinct) and chains faintly visible (horizontal), cloudy formation, fairly transluscent, quite sturdy, well-burnished, dark cream in color ; pastedowns / flyleaves in European laid paper with 9 laid lines per cm. (vertical), chain lines spaced 23 mm. apart (horizontal), and watermark of large scrollwork / arms design with lion rampant on triple mount at center and crown above ; some staining and tidelines.</subfield></datafield><datafield tag="500" ind1=" " ind2=" "><subfield code="a">Decoration: Exquisite double-page illumination at opening on pp.4-5 consists of rectangular panels carrying opening text set off by cloud-bands with upper and lower cartouches carrying the title and author ("مهر و مشترى من منظومات مولانا محمد عصار عليه الرحمه و المغفره") in white all surrounded by elegant swirling vegetal composition with floral accents in gold, pink, red, yellow, white, light blue, etc. on fields of gold and lapis lazuli evoking book cover design, surrounded by elaborate scalloped border evoking a series of domes accented with perpendicular stalks [tīgh] at the apices of the scallops and filled with continuation of the vegetal design on fields of gold and lapis lazuli ; written area (and columns within) surrounded by gold frame defined by black fillets ; keywords and headings chrysographed ; four miniatures in Shīrāz style (see p.31, p.110, p.327, and p.364 ; examined by Priscilla Soucek April 1969, see note on catalog card "Painting in Shiraz style. The scribe is of a scribal family [Mrs. Sucek 4-9-69]").</subfield></datafield><datafield tag="500" ind1=" " ind2=" "><subfield code="a">Script: Nastaʻlīq ; elegant Persianate hand ; serifless, with effect of words descending to baseline, closed counters, and elongated horizontal strokes.</subfield></datafield><datafield tag="500" ind1=" " ind2=" "><subfield code="a">Layout: Written in 22 lines per page with written area mainly divided to two columns ; frame-ruled.</subfield></datafield><datafield tag="500" ind1=" " ind2=" "><subfield code="a">Collation: ii, IV-1 (7), 10 IV(87), IV-1 (94), 3 IV(118), IV-1 (125), 10 IV(205), IV+1 (214), i ; exclusively quaternions (several anomalous) ; catchwords present ; pagination in pencil, Western numerals, supplied during digitization (includes front flyleaf and skips two pages each between pp.347-348 and 373-374, leaf carrying pp.241-242 was misplaced when paginated but is now properly placed between pp.248-249).</subfield></datafield><datafield tag="500" ind1=" " ind2=" "><subfield code="a">Colophon: "Scribal," rectangular, in Arabic, reads "تم الكتاب على يد افقر عباد الله الغنى نعيم الدين بن منعم الدين الاوحدى فى ٩٣٣"</subfield></datafield><datafield tag="500" ind1=" " ind2=" "><subfield code="a">Explicit: "بختم انبیا و ختم قرآن که ختم کار ما بر خیر گردان"</subfield></datafield><datafield tag="500" ind1=" " ind2=" "><subfield code="a">Incipit: "بنام پادشاه عالم عشق که نامش هست نقش خاتم عشق ..."</subfield></datafield><datafield tag="500" ind1=" " ind2=" "><subfield code="a">Title from exquisite double-page illumination at opening (pp.4-5).</subfield></datafield><datafield tag="500" ind1=" " ind2=" "><subfield code="a">Ms. codex.</subfield></datafield><datafield tag="510" ind1="4" ind2=" "><subfield code="a">Cat. Pers. MSS. Brit. Mus.,</subfield><subfield code="c">p. 626 f.</subfield></datafield><datafield tag="520" ind1="8" ind2=" "><subfield code="a">Splendid copy of the story of pure love between Mihr and Mushtarī, a mas̲navī by Mawlānā Muḥammad ʻAṣṣār of Tabrīz. Illustrated with four miniatures in Shīrāz style (see p.31, p.110, p.327, and p.364).</subfield></datafield><datafield tag="538" ind1=" " ind2=" "><subfield code="a">Mode of access: Internet.</subfield></datafield><datafield tag="541" ind1=" " ind2=" "><subfield code="c">Purchase ;</subfield><subfield code="a">Acquired by purchase (funds donated by Horace Rackham).</subfield><subfield code="d">1924.</subfield></datafield><datafield tag="546" ind1=" " ind2=" "><subfield code="a">Persian.</subfield></datafield><datafield tag="561" ind1=" " ind2=" "><subfield code="a">Inscription in pencil on upper pastedown "183 T. De M. [i.e. Tammaro De Marinis]" ; virtually illegible circular seal impression on front flyleaf (p.1) ; several effaced former owners' marks (statements, oval seal impression, etc.) on 'title page' (p.3) ; collation statement on front flyleaf (p.1) reads "اوراقه ۲۱٤" ; relatively clean copy.</subfield></datafield><datafield tag="650" ind1=" " ind2="0"><subfield code="a">Manuscripts, Persian</subfield><subfield code="z">Michigan</subfield><subfield code="z">Ann Arbor.</subfield></datafield><datafield tag="650" ind1=" " ind2="0"><subfield code="a">Masnavis, Persian</subfield><subfield code="v">Early works to 1800.</subfield></datafield><datafield tag="650" ind1=" " ind2="0"><subfield code="a">Persian poetry</subfield><subfield code="y">747-1500.</subfield></datafield><datafield tag="655" ind1=" " ind2="7"><subfield code="a">Headpieces (layout features)</subfield><subfield code="y">16th century.</subfield><subfield code="2">aat</subfield></datafield><datafield tag="700" ind1="0" ind2=" "><subfield code="a">Abdülhamid</subfield><subfield code="b">II,</subfield><subfield code="c">Sultan of the Turks,</subfield><subfield code="d">1842-1918,</subfield><subfield code="e">former owner.</subfield></datafield><datafield tag="700" ind1="0" ind2=" "><subfield code="6">880-05</subfield><subfield code="a">Naʻīm al-Dīn ibn Munʻim al-Dīn al-Awḥadī,</subfield><subfield code="d">fl. 1526,</subfield><subfield code="e">scribe.</subfield></datafield><datafield tag="773" ind1="0" ind2=" "><subfield code="a">Abdul Hamid Collection.</subfield></datafield><datafield tag="880" ind1="0" ind2=" "><subfield code="6">700-05/</subfield><subfield code="a">نعيم الدين بن منعم الدين الاوحدى,</subfield><subfield code="e">ناسخ.</subfield></datafield><datafield tag="880" ind1="1" ind2="0"><subfield code="6">245-03/</subfield><subfield code="a">مهر و مشتری,</subfield><subfield code="f">[933ه, 1526 یا 1527م].</subfield></datafield><datafield tag="880" ind1="1" ind2=" "><subfield code="6">100-01/</subfield><subfield code="a">عصار تبريزى, محمد.</subfield></datafield><datafield tag="CID" ind1=" " ind2=" "><subfield code="a">006814130</subfield></datafield><datafield tag="DAT" ind1="0" ind2=" "><subfield code="a">20190719102638.0</subfield><subfield code="b">20190719000000.0</subfield></datafield><datafield tag="DAT" ind1="1" ind2=" "><subfield code="a">20190719090653.0</subfield><subfield code="b">2019-07-19T16:11:48Z</subfield></datafield><datafield tag="DAT" ind1="2" ind2=" "><subfield code="a">2015-10-02T18:00:03Z</subfield></datafield><datafield tag="CAT" ind1=" " ind2=" "><subfield code="a">SDR-MIU</subfield><subfield code="d">EX LIBRIS - ALEPH</subfield><subfield code="l">prepare.pl-004-008</subfield></datafield><datafield tag="FMT" ind1=" " ind2=" "><subfield code="a">BK</subfield></datafield><datafield tag="HOL" ind1=" " ind2=" "><subfield code="0">sdr-miu006814130</subfield><subfield code="a">MiU</subfield><subfield code="b">SDR</subfield><subfield code="c">MIU</subfield><subfield code="p">mdp.39015079128867</subfield><subfield code="s">MIU</subfield><subfield code="1">006814130</subfield></datafield><datafield tag="974" ind1=" " ind2=" "><subfield code="b">MIU</subfield><subfield code="c">MIU</subfield><subfield code="d">20190719</subfield><subfield code="s">lit-dlps-dc</subfield><subfield code="u">mdp.39015079128867</subfield><subfield code="y">1527</subfield><subfield code="r">pd</subfield><subfield code="q">bib</subfield><subfield code="t">non-US bib date2 &lt; 1896</subfield></datafield></record></collection>